<record><leader>00000cas a22000007a 4500</leader><controlfield tag="001">15247665</controlfield><controlfield tag="008">870227d19711984wiudn ne      0    0eng d</controlfield><datafield ind1=" " ind2=" " tag="010"><subfield code="a">sn 87082105 </subfield></datafield><datafield ind1=" " ind2=" " tag="040"><subfield code="a">NPV</subfield><subfield code="b">eng</subfield><subfield code="c">NPV</subfield><subfield code="d">OCLCQ</subfield></datafield><datafield ind1=" " ind2=" " tag="042"><subfield code="a">msc</subfield></datafield><datafield ind1="0" ind2="0" tag="245"><subfield code="a">Neenah Menasha northwestern.</subfield></datafield><datafield ind1="3" ind2="0" tag="246"><subfield code="a">Oshkosh northwestern</subfield></datafield><datafield ind1=" " ind2=" " tag="260"><subfield code="a">Oshkosh, Wis. :</subfield><subfield code="b">Oshkosh Northwestern Co.,</subfield><subfield code="c">1971-1984.</subfield></datafield><datafield ind1=" " ind2=" " tag="300"><subfield code="a">v.</subfield></datafield><datafield ind1=" " ind2=" " tag="310"><subfield code="a">Daily (except Sunday)</subfield></datafield><datafield ind1="0" ind2=" " tag="362"><subfield code="a">Aug. 7, 1971-June 29, 1984.</subfield></datafield><datafield ind1=" " ind2=" " tag="752"><subfield code="a">United States</subfield><subfield code="b">Wisconsin</subfield><subfield code="c">Winnebago</subfield><subfield code="d">Neenah.</subfield></datafield><datafield ind1=" " ind2=" " tag="752"><subfield code="a">United States</subfield><subfield code="b">Wisconsin</subfield><subfield code="c">Winnebago</subfield><subfield code="d">Menasha.</subfield></datafield><datafield ind1=" " ind2=" " tag="752"><subfield code="a">United States</subfield><subfield code="b">Wisconsin</subfield><subfield code="c">Winnebago</subfield><subfield code="d">Oshkosh.</subfield></datafield><datafield ind1="0" ind2="0" tag="780"><subfield code="t">Neenah Menasha daily northwestern</subfield><subfield code="w">(DLC)sn 87082104</subfield></datafield></record>